@misc{BestTemp2022,
  title = {What is the best Color temperature?},
  url = {https://iristech.co/what-is-the-best-color-temperature/},
  note = {Accessed: 12-04-2022}
}

@misc{EspositoTemp2022,
  author = {{Mario Esposito}},
  title = {Using Color Temperature for Better Sleep},
  url = {https://www.goodnights.rest/the-science-of-sleep/color-temperature-for-better-sleep/},
  note = {Accessed: 12-04-2022}
}

@misc{AdamsLight2022,
  author = {{Chris Adams}},
  title = {Ergonomic Lighting Levels by Room for Residential Spaces},
  url = {https://www.thoughtco.com/lighting-levels-by-room-1206643},
  note = {Accessed: 12-04-2022}
}

@misc{SleepscoreLightAndTemp2022,
  author = {{SleepScore Labs}},
  title = {How Light and Temperature Mix with Sleep},
  url = {https://www.sleepscore.com/blog/light-temperature-and-a-good-nights-sleep/},
  note = {Accessed: 12-04-2022}
}

@misc{SuniSleep2022,
  author = {{Eric Suni}, {Abhinav Singh}},
  title = {Light and Sleep},
  url = {https://www.sleepfoundation.org/bedroom-environment/light-and-sleep},
  note = {Accessed: 12-04-2022}
}